# @book{natriello1990schooling,
  title={Schooling disadvantaged children: Racing against catastrophe.},
  author={Natriello, Gary and McDill, Edward L and Pallas, Aaron M},
  year={1990},
  publisher={Teachers College Press}
}


