% References for Manuscript 

@article{yu2015resource,
  title={A resource for cell line authentication, annotation and quality control},
  author={Yu, Mamie and Selvaraj, Suresh K and Liang-Chu, May MY and Aghajani, Sahar and Busse, Matthew and Yuan, Jean and Lee, Genee and Peale, Franklin and Klijn, Christiaan and Bourgon, Richard and others},
  journal={Nature},
  volume={520},
  number={7547},
  pages={307--311},
  year={2015},
  publisher={Nature Publishing Group}
}

@article{nickels2013evidence,
  title={Evidence of gene--environment interactions between common breast cancer susceptibility loci and established environmental risk factors},
  author={Nickels, Stefan and Truong, Th{\'e}r{\`e}se and Hein, Rebecca and Stevens, Kristen and Buck, Katharina and Behrens, Sabine and Eilber, Ursula and Schmidt, Martina and H{\"a}berle, Lothar and Vrieling, Alina and others},
  journal={PLoS Genet},
  volume={9},
  number={3},
  pages={e1003284},
  year={2013},
  publisher={Public Library of Science}
}

@article{lowy2016cancer,
  title={Cancer moonshot countdown},
  author={Lowy, Douglas and Singer, Dinah and DePinho, Ron and Simon, Gregory C and Soon-Shiong, Patrick},
  journal={Nature Biotechnology},
  volume={34},
  number={6},
  pages={596--599},
  year={2016},
  publisher={Nature Publishing Group}
}

@article{chavez2010triple,
  title={Triple negative breast cancer cell lines: one tool in the search for better treatment of triple negative breast cancer},
  author={Chavez, Kathryn J and Garimella, Sireesha V and Lipkowitz, Stanley},
  journal={Breast disease},
  volume={32},
  number={1-2},
  pages={35},
  year={2010},
  publisher={NIH Public Access}
}

@article{etzioni2003case,
  title={The case for early detection},
  author={Etzioni, Ruth and Urban, Nicole and Ramsey, Scott and McIntosh, Martin and Schwartz, Stephen and Reid, Brian and Radich, Jerald and Anderson, Garnet and Hartwell, Leland},
  journal={Nature Reviews Cancer},
  volume={3},
  number={4},
  pages={243--252},
  year={2003},
  publisher={Nature Publishing Group}
}


@article{million2003breast,
  title={Breast cancer and hormone-replacement therapy in the Million Women Study},
  author={Million Women Study Collaborators and others},
  journal={The Lancet},
  volume={362},
  number={9382},
  pages={419--427},
  year={2003},
  publisher={Elsevier}
}

@article{weir2015past,
  	title		={{The past, present, and future of cancer incidence in the United States: 1975 through 2020}},
  	author		={Weir, Hannah K and Thompson, Trevor D and Soman, Ashwini and M{\o}ller, Bj{\o}rn and Leadbetter, Steven},
  	journal		={Cancer},
  	volume		={121},
  	number		={11},
  	pages		={1827--1837},
  	year		={2015}
}

@article{capes2010check,
  	title		={{Check your cultures! A list of cross-contaminated or misidentified cell lines}},
  	author		={Capes-Davis, Amanda and Theodosopoulos, George and Atkin, Isobel and Drexler, Hans G and Kohara, Arihiro and MacLeod, Roderick AF and Masters, John R and Nakamura, Yukio and Reid, Yvonne A and Reddel, Roger R and others},
  	journal		={International Journal of Cancer},
  	volume		={127},
  	number		={1},
  	pages		={1--8},
  	year		={2010}
}

@article{masters2002hela,
  	title		={{HeLa cells 50 years on: The good, the bad and the ugly}},
  	author		={Masters, John R},
  	journal		={Nature Reviews Cancer},
  	volume		={2},
  	number		={4},
  	pages		={315--319},
  	year		={2002}
}

@article{reid2012current,
  	title		={{The current state of cell contamination and authentication? And what it means for biobanks}},
  	author		={Reid, Yvonne and Mintzer, Joe},
  	journal		={Biopreservation and Biobanking},
  	volume		={10},
  	number		={3},
 	pages		={236--238},
  	year		={2012}
}

@article{arlett2001use,
  	title		={{The use of dubious cell lines in research: Is trust enough?}},
  	author		={Arlett, Colin F},
  	journal		={The Lancet Oncology},
  	volume		={2},
  	number		={8},
 	pages		={467},
  	year		={2001}
}

@inproceedings{gey1952tissue,
  	title		={Tissue culture studies of the proliferative capacity of cervical carcinoma and normal epithelium},
  	author		={Gey, GOea and Coffman, Ward D and Kubicek, Mart T},
  	booktitle	={Cancer Research},
  	volume		={12},
  	number		={4},
  	pages		={264--265},
  	year		={1952}
}

@article{batina2013variation,
  	title		={Variation in tumor natural history contributes to racial disparities in breast cancer stage at diagnosis},
  	author		={Batina, Nataliya G and Trentham-Dietz, Amy and Gangnon, Ronald E and Sprague, Brian L and Rosenberg, Marjorie A and Stout, Natasha K and Fryback, Dennis G and Alagoz, Oguzhan},
  	journal		={Breast Cancer Research and Treatment},
  	volume		={138},
  	number		={2},
  	pages		={519--528},
  	year		={2013}
}

@article{huo2009population,
  	title		={{Population differences in breast cancer: Survey in indigenous African women reveals over-representation of triple-negative breast cancer}},
  	author		={Huo, Dezheng and Ikpatt, Francis and Khramtsov, Andrey and Dangou, Jean-Marie and Nanda, Rita and Dignam, James and Zhang, Bifeng and Grushko, Tatyana and Zhang, Chunling and Oluwasola, Olayiwola and others},
  	journal		={Journal of Clinical Oncology},
  	volume		={27},
  	number		={27},
  	pages		={4515--4521},
  	year		={2009}
}

@article{shavers2003racial,
  	title		={Racial/ethnic variation in clinical presentation, treatment, and survival among breast cancer patients under age 35},
  	author		={Shavers, Vickie L and Harlan, Linda C and Stevens, Jennifer L},
  	journal		={Cancer},
  	volume		={97},
  	number		={1},
  	pages		={134--147},
  	year		={2003}
}


@article{reding2012examination,
  	title		={Examination of ancestral informative markers and self-reported race with tumor characteristics of breast cancer among black and white women},
  	author		={Reding, Kerryn W and Carlson, Christopher S and Kahsai, Orsalem and Chen, Christina C and McDavid, Andrew and Doody, David R and Chen, Chu and Lowe, Kimberly and Bernstein, Leslie and Weiss, Linda and others},
  	journal		={Breast Cancer Research and Treatment},
  	volume		={134},
  	number		={2},
  	pages		={801--809},
  	year		={2012}
}

@article{kim2016cancer,
  	title		={{Cancer models and real-world data: Better together}},
  	author		={Kim, Jane J and Tosteson, Anna NA and Zauber, Ann G and Sprague, Brian L and Stout, Natasha K and Alagoz, Oguzhan and Trentham-Dietz, Amy and Armstrong, Katrina and Pruitt, Sandi L and Rutter, Carolyn M and others},
  	journal		={Journal of the National Cancer Institute},
  	volume		={108},
  	number		={2},
  	pages		={djv316},
  	year		={2016}
}

@article{berkman2014racial,
  	title		={Racial differences in breast cancer, cardiovascular disease, and all-cause mortality among women with ductal carcinoma in situ of the breast},
  	author		={Berkman, Amy and Cole, Bernard F and Ades, Philips A and Dickey, Samantha and Higgins, Stephen T and Trentham-Dietz, Amy and Sprague, Brian L and Lakoski, Susan G},
  	journal		={Breast Cancer Research and Treatment},
  	volume		={148},
  	number		={2},
  	pages		={407--413},
  	year		={2014}
}

@article{zhang2011significant,
  	title		={{Significant differences in global genomic DNA methylation by gender and race/ethnicity in peripheral blood}},
  	author		={Zhang, Fang Fang and Cardarelli, Roberto and Carroll, Joan and Fulda, Kimberly G and Kaur, Manleen and Gonzalez, Karina and Vishwanatha, Jamboor K and Santella, Regina M and Morabia, Alfredo},
  	journal		={Epigenetics},
  	volume		={6},
  	number		={5},
  	pages		={623--629},
  	year		={2011}
}

@article{brennan2012there,
  	title		={Is there a link between genome-wide hypomethylation in blood and cancer risk?},
  	author		={Brennan, Kevin and Flanagan, James M},
  	journal		={Cancer Prevention Research},
  	volume		={5},
  	number		={12},
  	pages		={1345--1357},
  	year		={2012}
}

@article{yu2015resource,
  	title		={A resource for cell line authentication, annotation and quality control},
  	author		={Yu, Mamie and Selvaraj, Suresh K and Liang-Chu, May MY and Aghajani, Sahar and Busse, Matthew and Yuan, Jean and Lee, Genee and Peale, Franklin and Klijn, Christiaan and Bourgon, Richard and others},
  	journal		={Nature},
  	volume		={520},
  	number		={7547},
  	pages		={307--311},
  	year		={2015}
}


@article{greenlee2000cancer,
  	title		={Cancer statistics, 2000},
  	author		={Greenlee, Robert T and Murray, Taylor and Bolden, Sherry and Wingo, Phyllis A},
  	journal		={CA: A Cancer Journal for Clinicians},
  	volume		={50},
  	number		={1},
  	pages		={7--33},
  	year		={2000}
}

@article{mariotto2011projections,
  	title		={{Projections of the cost of cancer care in the United States: 2010--2020}},
  	author		={Mariotto, Angela B and Yabroff, K Robin and Shao, Yongwu and Feuer, Eric J and Brown, Martin L},
  	journal		={Journal of the National Cancer Institute},
  	year		={2011}
}

@article{consedine2015beyond,
  	title		={{Beyond the black box: A systematic review of breast, prostate, colorectal, and cervical screening among native and immigrant African-descent Caribbean populations}},
  	author		={Consedine, Nathan S and Tuck, Natalie L and Ragin, Camille R and Spencer, Benjamin A},
  	journal		={Journal of Immigrant and Minority Health},
  	volume		={17},
  	number		={3},
  	pages		={905--924},
  	year		={2015}
}

@article{stephens2012landscape,
  	title		={The landscape of cancer genes and mutational processes in breast cancer},
  	author		={Stephens, Philip J and Tarpey, Patrick S and Davies, Helen and Van Loo, Peter and Greenman, Chris and Wedge, David C and Nik-Zainal, Serena and Martin, Sancha and Varela, Ignacio and Bignell, Graham R and others},
  	journal		={Nature},
  	volume		={486},
  	number		={7403},
  	pages		={400--404},
  	year		={2012}
}

@article{clayton2014nih,
  	title		={{NIH to balance sex in cell and animal studies}},
  	author		={Clayton, Janine A and Collins, Francis S and others},
  	journal		={Nature},
  	volume		={509},
  	number		={7500},
  	pages		={282--283},
  	year		={2014}
}