@article{foster2004beyond,
  title={Beyond race: towards a whole-genome perspective on human populations and genetic variation},
  author={Foster, Morris W and Sharp, Richard R},
  journal={Nature reviews genetics},
  volume={5},
  number={10},
  pages={790--796},
  year={2004},
  publisher={Nature Publishing Group}
}



@article{jackson1999african,
  title={African-American responses to the human genome project},
  author={Jackson, Fatimah},
  journal={Public Understanding of Science},
  volume={8},
  number={3},
  pages={181--191},
  year={1999},
  publisher={Sage Publications}
}

@article{hoos2015partnering,
  title={Partnering With Patients in the Development and Lifecycle of Medicines A Call for Action},
  author={Hoos, Anton and Anderson, James and Boutin, Marc and Dewulf, Lode and Geissler, Jan and Johnston, Graeme and Joos, Angelika and Metcalf, Marilyn and Regnante, Jeanne and Sargeant, Ifeanyi and others},
  journal={Therapeutic Innovation \& Regulatory Science},
  pages={2168479015580384},
  year={2015},
  publisher={SAGE Publications}
}


@article{tosetti2013toward,
  title={Toward an international initiative for traumatic brain injury research},
  author={Tosetti, Patrizia and Hicks, Ramona R and Theriault, Elizabeth and Phillips, Anthony and Koroshetz, Walter and Draghia-Akli, and the Workshop Participants, Ruxandra},
  journal={Journal of neurotrauma},
  volume={30},
  number={14},
  pages={1211--1222},
  year={2013},
  publisher={Mary Ann Liebert, Inc. 140 Huguenot Street, 3rd Floor New Rochelle, NY 10801 USA}
}


@article{sleijfer2013designing,
  title={Designing transformative clinical trials in the cancer genome era},
  author={Sleijfer, Stefan and Bogaerts, Jan and Siu, Lillian L},
  journal={Journal of Clinical Oncology},
  volume={31},
  number={15},
  pages={1834--1841},
  year={2013},
  publisher={American Society of Clinical Oncology}
}


@article{attai2015twitter,
  title={Twitter social media is an effective tool for breast cancer patient education and support: patient-reported outcomes by survey},
  author={Attai, Deanna J and Cowher, Michael S and Al-Hamadani, Mohammed and Schoger, Jody M and Staley, Alicia C and Landercasper, Jeffrey},
  journal={Journal of medical Internet research},
  volume={17},
  number={7},
  year={2015},
  publisher={JMIR Publications Inc.}
}


@article{darrow2014crowdsourcing,
  title={Crowdsourcing Clinical Trials},
  author={Darrow, Jonathan J},
  journal={Minnesota Law Review},
  volume={98},
  pages={805},
  year={2014}
}



@article{gupta2012clinical,
  title={Clinical Implications of Pathophysiological and Demographic Covariates on the Population Pharmacokinetics of Trastuzumab Emtansine, a HER2-Targeted Antibody-Drug Conjugate, in Patients With HER2-Positive Metastatic Breast Cancer},
  author={Gupta, Manish and LoRusso, Patricia M and Wang, Bei and Yi, Joo-Hee and Burris, Howard A and Beeram, Muralidhar and Modi, Shanu and Chu, Yu-Waye and Agresta, Samuel and Klencke, Barbara and others},
  journal={The Journal of Clinical Pharmacology},
  volume={52},
  number={5},
  pages={691--703},
  year={2012},
  publisher={Wiley Online Library}
}


@article{yasuda2008role,
  title={The role of ethnicity in variability in response to drugs: focus on clinical pharmacology studies},
  author={Yasuda, SU and Zhang, L and Huang, SM},
  journal={Clinical Pharmacology \& Therapeutics},
  volume={84},
  number={3},
  pages={417--423},
  year={2008},
  publisher={Nature Publishing Group}
}

@article{haga2003fda,
  title={FDA races in wrong direction},
  author={Haga, Susanne B and Venter, J Craig},
  journal={Science},
  volume={301},
  number={5632},
  pages={466},
  year={2003},
  publisher={The American Association for the Advancement of Science}
}


@article{naito1998ethnic,
  title={Ethnic factors in the acceptability of foreign clinical data},
  author={Naito, Chikayuki},
  journal={Drug information journal},
  volume={32},
  number={1 suppl},
  pages={1283S--1292S},
  year={1998},
  publisher={SAGE Publications}
}

@article{bjornsson2003conduct,
  title={The conduct of in vitro and in vivo drug-drug interaction studies: a Pharmaceutical Research and Manufacturers of America (PhRMA) perspective},
  author={Bjornsson, Thorir D and Callaghan, John T and Einolf, Heidi J and Fischer, Volker and Gan, Lawrence and Grimm, Scott and Kao, John and King, S Peter and Miwa, Gerald and Ni, Lan and others},
  journal={Drug Metabolism and Disposition},
  volume={31},
  number={7},
  pages={815--832},
  year={2003},
  publisher={ASPET}
}


@article{roy2005cyp3a5,
  title={CYP3A5 genetic polymorphisms in different ethnic populations},
  author={Roy, Jean-Nicholas and Lajoie, Julie and Zijenah, Lynn S and Barama, Azemi and Poirier, Charles and Ward, Brian J and Roger, Michel},
  journal={Drug metabolism and disposition},
  volume={33},
  number={7},
  pages={884--887},
  year={2005},
  publisher={ASPET}
}


@article{evelyn2001participation,
  title={Participation of racial/ethnic groups in clinical trials and race-related labeling: a review of new molecular entities approved 1995-1999.},
  author={Evelyn, B and Toigo, T and Banks, D and Pohl, D and Gray, K and Robins, B and Ernat, J},
  journal={Journal of the National Medical Association},
  volume={93},
  number={12 Suppl},
  pages={18S},
  year={2001},
  publisher={National Medical Association}
}


@article{xie2001molecular,
  title={Molecular basis of ethnic differences in drug disposition and response},
  author={Xie, Hong-Guang and Kim, Richard B and Wood, Alastair JJ and Stein, C Michael},
  journal={Annual review of pharmacology and toxicology},
  volume={41},
  number={1},
  pages={815--850},
  year={2001},
  publisher={Annual Reviews 4139 El Camino Way, PO Box 10139, Palo Alto, CA 94303-0139, USA}
}



@article{cooper2003race,
  title={Race and genomics},
  author={Cooper, Richard S and Kaufman, Jay S and Ward, Ryk},
  journal={New England Journal of Medicine},
  volume={348},
  number={12},
  pages={1166--1169},
  year={2003},
  publisher={MEDICAL PUBLISHING GROUP-MASS MEDIC SOCIETY}
}


@article{higashi2002association,
  title={Association between CYP2C9 genetic variants and anticoagulation-related outcomes during warfarin therapy},
  author={Higashi, Mitchell K and Veenstra, David L and Kondo, L Midori and Wittkowsky, Ann K and Srinouanprachanh, Sengkeo L and Farin, Fred M and Rettie, Allan E},
  journal={Jama},
  volume={287},
  number={13},
  pages={1690--1698},
  year={2002},
  publisher={American Medical Association}
}

@article{krynetski2000genetic,
  title={Genetic polymorphism of thiopurine S-methyltransferase: molecular mechanisms and clinical importance},
  author={Krynetski, Eugene Y and Evans, William E},
  journal={Pharmacology},
  volume={61},
  number={3},
  pages={136--146},
  year={2000},
  publisher={Karger Publishers}
}