% References for Manuscript 

@article{weir2015past,
  title={The past, present, and future of cancer incidence in the United States: 1975 through 2020},
  author={Weir, Hannah K and Thompson, Trevor D and Soman, Ashwini and M{\o}ller, Bj{\o}rn and Leadbetter, Steven},
  journal={Cancer},
  volume={121},
  number={11},
  pages={1827--1837},
  year={2015},
  publisher={Wiley Online Library}
}

@article{capes2010check,
  title={Check your cultures! A list of cross-contaminated or misidentified cell lines},
  author={Capes-Davis, Amanda and Theodosopoulos, George and Atkin, Isobel and Drexler, Hans G and Kohara, Arihiro and MacLeod, Roderick AF and Masters, John R and Nakamura, Yukio and Reid, Yvonne A and Reddel, Roger R and others},
  journal={International journal of cancer},
  volume={127},
  number={1},
  pages={1--8},
  year={2010},
  publisher={Wiley Online Library}
}

@article{masters2002hela,
  title={HeLa cells 50 years on: the good, the bad and the ugly},
  author={Masters, John R},
  journal={Nature Reviews Cancer},
  volume={2},
  number={4},
  pages={315--319},
  year={2002},
  publisher={Nature Publishing Group}
}

@article{reid2012current,
  title={The current state of cell contamination and authentication?And what it means for biobanks},
  author={Reid, Yvonne and Mintzer, Joe},
  journal={Biopreservation and biobanking},
  volume={10},
  number={3},
  pages={236--238},
  year={2012},
  publisher={Mary Ann Liebert, Inc. 140 Huguenot Street, 3rd Floor New Rochelle, NY 10801 USA}
}

@article{arlett2001use,
  title={The use of dubious cell lines in research: is trust enough?},
  author={Arlett, Colin F},
  journal={The Lancet Oncology},
  volume={2},
  number={8},
  pages={467},
  year={2001},
  publisher={Elsevier}
}

@article{batina2013variation,
  title={Variation in tumor natural history contributes to racial disparities in breast cancer stage at diagnosis},
  author={Batina, Nataliya G and Trentham-Dietz, Amy and Gangnon, Ronald E and Sprague, Brian L and Rosenberg, Marjorie A and Stout, Natasha K and Fryback, Dennis G and Alagoz, Oguzhan},
  journal={Breast cancer research and treatment},
  volume={138},
  number={2},
  pages={519--528},
  year={2013},
  publisher={Springer}
}

@inproceedings{gey1952tissue,
  title={Tissue culture studies of the proliferative capacity of cervical carcinoma and normal epithelium},
  author={Gey, GOea and Coffman, Ward D and Kubicek, Mart T},
  booktitle={Cancer research},
  volume={12},
  number={4},
  pages={264--265},
  year={1952},
  organization={AMER ASSOC CANCER RESEARCH PO BOX 11806, BIRMINGHAM, AL 35202}
}


@article{batina2013variation,
  title={Variation in tumor natural history contributes to racial disparities in breast cancer stage at diagnosis},
  author={Batina, Nataliya G and Trentham-Dietz, Amy and Gangnon, Ronald E and Sprague, Brian L and Rosenberg, Marjorie A and Stout, Natasha K and Fryback, Dennis G and Alagoz, Oguzhan},
  journal={Breast cancer research and treatment},
  volume={138},
  number={2},
  pages={519--528},
  year={2013},
  publisher={Springer}
}

@article{huo2009population,
  title={Population differences in breast cancer: survey in indigenous African women reveals over-representation of triple-negative breast cancer},
  author={Huo, Dezheng and Ikpatt, Francis and Khramtsov, Andrey and Dangou, Jean-Marie and Nanda, Rita and Dignam, James and Zhang, Bifeng and Grushko, Tatyana and Zhang, Chunling and Oluwasola, Olayiwola and others},
  journal={Journal of Clinical Oncology},
  volume={27},
  number={27},
  pages={4515--4521},
  year={2009},
  publisher={American Society of Clinical Oncology}
}

@article{shavers2003racial,
  title={Racial/ethnic variation in clinical presentation, treatment, and survival among breast cancer patients under age 35},
  author={Shavers, Vickie L and Harlan, Linda C and Stevens, Jennifer L},
  journal={Cancer},
  volume={97},
  number={1},
  pages={134--147},
  year={2003},
  publisher={Wiley Online Library}
}


@article{reding2012examination,
  title={Examination of ancestral informative markers and self-reported race with tumor characteristics of breast cancer among black and white women},
  author={Reding, Kerryn W and Carlson, Christopher S and Kahsai, Orsalem and Chen, Christina C and McDavid, Andrew and Doody, David R and Chen, Chu and Lowe, Kimberly and Bernstein, Leslie and Weiss, Linda and others},
  journal={Breast cancer research and treatment},
  volume={134},
  number={2},
  pages={801--809},
  year={2012},
  publisher={Springer}
}

@article{kim2016cancer,
  title={Cancer Models and Real-World Data: Better Together},
  author={Kim, Jane J and Tosteson, Anna NA and Zauber, Ann G and Sprague, Brian L and Stout, Natasha K and Alagoz, Oguzhan and Trentham-Dietz, Amy and Armstrong, Katrina and Pruitt, Sandi L and Rutter, Carolyn M and others},
  journal={Journal of the National Cancer Institute},
  volume={108},
  number={2},
  pages={djv316},
  year={2016},
  publisher={Oxford University Press}
}

@article{berkman2014racial,
  title={Racial differences in breast cancer, cardiovascular disease, and all-cause mortality among women with ductal carcinoma in situ of the breast},
  author={Berkman, Amy and Cole, Bernard F and Ades, Philips A and Dickey, Samantha and Higgins, Stephen T and Trentham-Dietz, Amy and Sprague, Brian L and Lakoski, Susan G},
  journal={Breast cancer research and treatment},
  volume={148},
  number={2},
  pages={407--413},
  year={2014},
  publisher={Springer}
}


@article{zhang2011significant,
  title={Significant differences in global genomic DNA methylation by gender and race/ethnicity in peripheral blood},
  author={Zhang, Fang Fang and Cardarelli, Roberto and Carroll, Joan and Fulda, Kimberly G and Kaur, Manleen and Gonzalez, Karina and Vishwanatha, Jamboor K and Santella, Regina M and Morabia, Alfredo},
  journal={Epigenetics},
  volume={6},
  number={5},
  pages={623--629},
  year={2011},
  publisher={Taylor \& Francis}
}

@article{brennan2012there,
  title={Is there a link between genome-wide hypomethylation in blood and cancer risk?},
  author={Brennan, Kevin and Flanagan, James M},
  journal={Cancer prevention research},
  volume={5},
  number={12},
  pages={1345--1357},
  year={2012},
  publisher={AACR}
}

@article{yu2015resource,
  title={A resource for cell line authentication, annotation and quality control},
  author={Yu, Mamie and Selvaraj, Suresh K and Liang-Chu, May MY and Aghajani, Sahar and Busse, Matthew and Yuan, Jean and Lee, Genee and Peale, Franklin and Klijn, Christiaan and Bourgon, Richard and others},
  journal={Nature},
  volume={520},
  number={7547},
  pages={307--311},
  year={2015},
  publisher={Nature Publishing Group}
}


@article{greenlee2000cancer,
  title={Cancer statistics, 2000},
  author={Greenlee, Robert T and Murray, Taylor and Bolden, Sherry and Wingo, Phyllis A},
  journal={CA: a cancer journal for clinicians},
  volume={50},
  number={1},
  pages={7--33},
  year={2000},
  publisher={Wiley Online Library}
}


@article{mariotto2011projections,
  title={Projections of the cost of cancer care in the United States: 2010--2020},
  author={Mariotto, Angela B and Yabroff, K Robin and Shao, Yongwu and Feuer, Eric J and Brown, Martin L},
  journal={Journal of the National Cancer Institute},
  year={2011},
  publisher={Oxford University Press}
}


@article{consedine2015beyond,
  title={Beyond the black box: a systematic review of breast, prostate, colorectal, and cervical screening among native and immigrant African-descent Caribbean populations},
  author={Consedine, Nathan S and Tuck, Natalie L and Ragin, Camille R and Spencer, Benjamin A},
  journal={Journal of Immigrant and Minority Health},
  volume={17},
  number={3},
  pages={905--924},
  year={2015},
  publisher={Springer}
}

@article{stephens2012landscape,
  title={The landscape of cancer genes and mutational processes in breast cancer},
  author={Stephens, Philip J and Tarpey, Patrick S and Davies, Helen and Van Loo, Peter and Greenman, Chris and Wedge, David C and Nik-Zainal, Serena and Martin, Sancha and Varela, Ignacio and Bignell, Graham R and others},
  journal={Nature},
  volume={486},
  number={7403},
  pages={400--404},
  year={2012},
  publisher={Nature Publishing Group}
}